<collection xmlns="http://www.loc.gov/MARC21/slim">
<record>
  <leader>00848nam0a2200217 i 450 </leader>
  <controlfield tag="001">IT\ICCU\CNCE\010259</controlfield>
  <controlfield tag="005">19981118000000.0</controlfield>
  <datafield tag="012" ind1=" " ind2=" ">
    <subfield code="a">lie, rea. E.a. a,i, (C) 1587 (Q)</subfield>
    <subfield code="2">fei</subfield>
  </datafield>
  <datafield tag="100" ind1=" " ind2=" ">
    <subfield code="a">19970101f1587        0itac0103    ba</subfield>
  </datafield>
  <datafield tag="101" ind1=" " ind2=" ">
    <subfield code="a">ITA</subfield>
  </datafield>
  <datafield tag="102" ind1=" " ind2=" ">
    <subfield code="a">IT</subfield>
  </datafield>
  <datafield tag="200" ind1="1" ind2=" ">
    <subfield code="a">Canzone di M. Fabritio Catenacci sopra il torneamento fatto in Cesena, il d 9 di febraio 1587</subfield>
  </datafield>
  <datafield tag="210" ind1=" " ind2=" ">
    <subfield code="a">In Cesena</subfield>
    <subfield code="c">\Bartolomeo Raverio</subfield>
    <subfield code="d">1587?!</subfield>
  </datafield>
  <datafield tag="215" ind1=" " ind2=" ">
    <subfield code="a">\10! c.</subfield>
    <subfield code="d">4ʻ</subfield>
  </datafield>
  <datafield tag="620" ind1=" " ind2=" ">
    <subfield code="a">IT</subfield>
    <subfield code="d">Cesena</subfield>
  </datafield>
  <datafield tag="700" ind1=" " ind2="1">
    <subfield code="a">Catenacci,</subfield>
    <subfield code="b">Fabrizio</subfield>
    <subfield code="3">IT\ICCU\CNCA\002815</subfield>
  </datafield>
  <datafield tag="712" ind1="0" ind2="0">
    <subfield code="a">Raverio, Bartolomeo</subfield>
    <subfield code="3">IT\ICCU\CNCT\000836</subfield>
    <subfield code="4">650</subfield>
  </datafield>
  <datafield tag="791" ind1="0" ind2="0">
    <subfield code="a">Raverius, Bartholomaeus</subfield>
    <subfield code="3">IT\ICCU\CNCT\005321</subfield>
    <subfield code="z">Raverio, Bartolomeo</subfield>
  </datafield>
  <datafield tag="791" ind1="0" ind2="0">
    <subfield code="a">Raverii, Bartolomeo</subfield>
    <subfield code="3">IT\ICCU\CNCT\005322</subfield>
    <subfield code="z">Raverio, Bartolomeo</subfield>
  </datafield>
  <datafield tag="801" ind1=" " ind2="3">
    <subfield code="a">IT</subfield>
    <subfield code="b">ICCU</subfield>
    <subfield code="c">20201113</subfield>
  </datafield>
  <datafield tag="899" ind1=" " ind2=" ">
    <subfield code="a">Biblioteca comunale Classense. Ravenna</subfield>
    <subfield code="z">MUTILO</subfield>
    <subfield code="1">RA0036</subfield>
    <subfield code="2">RAV CL</subfield>
  </datafield>
</record>
</collection>
